@STRING(PRB="Phys. Rev. B")
@STRING(PRL="Phys. Rev. Lett.")
@STRING(RMP="Rev. Mod. Phys.")
@STRING(STP="J. Phys. C: Solid St. Phys.")
@STRING(CPR="Comp. Phys. Reports")

@ARTICLE{donald:apw,
    AUTHOR="A. H. MacDonald and W. E. Pickett and D. D. Koelling",
    TITLE="A linearised relativistic augmented-plane-wave method utilising
        approximate pure spin basis functions",
    JOURNAL=STP,
    VOLUME=13,
    PAGES="2675-83",
    YEAR=1980
}

@ARTICLE{koelling&harmon,
    AUTHOR="D. D. Koelling and B. N. Harmon",
    TITLE="A technique for relativistic spin-polarised calculations",
    JOURNAL=STP,
    VOLUME=10,
    YEAR=1977
}

@ARTICLE{engel,
    AUTHOR="E. Engel and A. Hock and S. Varga",
    TITLE="Relativistic extension of the Troullier-Martins scheme: Accurate
        pseudopotentials for transition-metal elements",
    JOURNAL=PRB,
    VOLUME=63,
    NUMBER=125121,
    YEAR=2001
}

@ARTICLE{bachelet,
    AUTHOR="G. B. Bachelet and M. Schluter",
    TITLE="Relativistic norm-conserving pseudopotentials",
    JOURNAL=PRB,
    VOLUME=25,
    NUMBER=4,
    YEAR=1982
}

@ARTICLE{pickett,
    AUTHOR="W. E. Pickett",
    TITLE="Pseudopotential methods in condensed matter applications",
    JOURNAL=CPR,
    VOLUME=9,
    YEAR=1989,
    PAGES="115-198"
}

@ARTICLE{vackarAEPP1,
    AUTHOR="J. Vackáø and M. Hyt\hskip-0.25em'ha and A. ©imùnek ",
    TITLE="All-electron pseudopotentials",
    JOURNAL=PRB,
    VOLUME=58,
    YEAR=1998,
    NUMBER=12712,
}

@ARTICLE{vackarAEPP2,
    AUTHOR="J. Vackáø and A. ©imùnek ",
    TITLE="Adaptability and accuracy of all-electron pseudopotentials",
    JOURNAL=PRB,
    VOLUME=67,
    YEAR=2003,
    NUMBER=12712,
}


@book{formanek,
    AUTHOR = "Jiøí Formánek",
    TITLE = "Úvod do kvantové teorie",
    VOLUME = "I",
    YEAR = 2004,
    ADDRESS = "Praha",
    PUBLISHER = "Academia"
}

@book{formanek2,
    AUTHOR = "Jiøí Formánek",
    TITLE = "Úvod do kvantové teorie",
    VOLUME = "II",
    YEAR = 2004,
    ADDRESS = "Praha",
    PUBLISHER = "Academia"
}

@book{strange,
    AUTHOR = "Paul Strange",
    TITLE = "Relativistic Quantum Mechanics",
    YEAR = 1998,
    PUBLISHER = "Cambridge University Press"
}

@book{sakurai,
    AUTHOR = "J. J. Sakurai",
    TITLE = "Modern Quantum Mechanics",
    YEAR = 1994,
    PUBLISHER = "Addison-Wesley"
}

@book{zabloudil,
    AUTHOR="J. Zabloudil and R. Hammerling and L. Szunyogh and P. Weinberger",
    TITLE="Electron Scattering in Solid Matter",
    YEAR = 2005,
    PUBLISHER = "Springer-Verlag Berlin",
    ISBN="3-540-22524-2"
}

@book{rose,
    AUTHOR="M. E. Rose",
    TITLE="Relativistic Electron Theory",
    YEAR = 1961,
    PUBLISHER = "John Wiley \& Sons, Inc.",
    ADDRESS  = "New York and London",
    ISBN="3-540-22524-2"
}

@unpublished{branson,
    AUTHOR="James Branson",
    TITLE="Quantum Physics",
    YEAR="2003",
    NOTE="University of California, San Diego, 
    \url{http://quantummechanics.ucsd.edu/ph130a/130\_notes/}"
}

@unpublished{kellog,
    AUTHOR="C. B. Kellogg",
    TITLE="An Introduction to Relativistic Electronic Structure Theory in
        Quantum Chemistry",
    YEAR="1996",
    NOTE="Center for Computational Quantum Chemistry, University of Georgia,
    Athens, GA, 
    \url{http://zopyros.ccqc.uga.edu/lec\_top/rltvt/node1.html}"
}

@unpublished{wikidft,
    AUTHOR="Wikipedia",
    TITLE="Density Functional Theory",
    YEAR="2006",
    NOTE="\url{http://en.wikipedia.org/wiki/Density\_functional\_theory}"
}
