@Book{sternberg,
  author = 	 {Sternberg, S.},
  title = 	 {Group theory and physics},
  publisher = 	 {Cambridge University Press},
  year = 	 {1994}
}



@Book{birss,
  author = 	 {Birss, R.R.},
  editor = 	 {Wohlfarth, E.P.},
  title = 	 {Symmetry and Magnetism},
  publisher = 	 {North-Holland Publishing Company},
  year = 	 {1961?},
  volume = 	 {III},
  series = 	 {Sel. topics in sol. st. physics}
}

@Book{georgi,
  author = 	 {Georgi, H.},
  title = 	 {Lie Algebras in Particle Physics},
  publisher = 	 {Addison-Wesley},
  year = 	 {1990?},
  series = 	 {Frontiers in Physics}
}

@Book{pilar,
  author = 	 {Pilar, F.L.},
  title = 	 {Elementary Quantum Chemistry},
  publisher = 	 {McGraw--Hill},
  year = 	 {1990}
}


